<?xml version="1.0" encoding="UTF-8"?><collection xmlns="http://www.loc.gov/MARC21/slim"><record><leader>00417nam--2200145-i-4500</leader><controlfield tag="001">000012444</controlfield><controlfield tag="002">20161230</controlfield><controlfield tag="005">20161230201029</controlfield><controlfield tag="008">060222s1000------------r-----000-0-eng-d</controlfield><datafield ind1=" " ind2=" " tag="080"><subfield code="a">541.1(082):539.19</subfield></datafield><datafield ind1=" " ind2=" " tag="245"><subfield code="a">Molecular structure and properties</subfield></datafield><datafield ind1=" " ind2=" " tag="260"><subfield code="a">London, Butterworths, 1975. 404 P</subfield></datafield><datafield ind1=" " ind2=" " tag="490"><subfield code="a">International Review Of Science.Physical Chemi Stry.Series Two</subfield></datafield><datafield ind1=" " ind2=" " tag="700"><subfield code="a">Buckingham, A.D</subfield></datafield><datafield ind1=" " ind2=" " tag="852"><subfield code="a">45487</subfield></datafield></record></collection>